@article{sebastiani,
  title={Machine learning in automated text categorization},
  author={Sebastiani, F.},
  journal={ACM Computing Surveys (CSUR)},
  volume={34},
  number={1},
  pages={1--47}
}

@book{russel,
  title     = "{Artificial Intelligence}: A Modern Approach",
  author    = "Russell, S. and Norvig, P.",
  year      = 2016,
  publisher = "Pearson Education",
  address   = "Upper Saddle River, New Jersey 07458"
}

@article{cho,
  author    = {Cho, K. and van Merrienboer, B. and G{\"{u}}l{\c{c}}ehre, C. and Bougares, F. and Schwenk, H. and Bengio, y.},
  title     = {Learning Phrase Representations using {RNN} Encoder-Decoder for Statistical Machine Translation},
  journal   = {Proceedings of the Conference on Empirical Methods in Natural Language Processing (EMNLP)},
  year      = {2014}
}

@book{quinlan,
  title     = "S.L. C4.5: Programs for Machine Learning",
  author    = "J. Ross Quinlan",
  year      = 1994,
  OPTdoi = {10.1007/BF00993309},
  publisher = "Morgan Kaufmann Publishers",
  address   = "Upper Saddle River, New Jersey 07458"
}

@article{korde,
  title = {Text classification and classifiers: A survey},
  author={Korde, V. and Mahender, C. N.},
  journal={International Journal of Artificial Intelligence \& Applications},
  volume={3},
  number={2},
  pages={85},
  year={2012}
}

@inproceedings{worsham,
    title = "Genre Identification and the Compositional Effect of Genre in Literature",
    author = "Worsham, J.  and Kalita, J.",
    booktitle = "Proceedings of the International Conference on Computational Linguistics",
    year = "2018"
}

@book{worsham_book,
	author = {Worsham, J. M.},
	title = {Towards Literary Genre Identification: Applied Neural Networks for Large Text Classification},
	year = {2014},
    publisher={University of Colorado}
}

@inproceedings{brazil,
  title={A machine learning approach to literary genre classification on Portuguese texts: circumventing {NLP}’s standard varieties},
  author={Monte-Serrat, D. M. and Machado, M. T. and Ruiz, E. E. S.},
  booktitle={Anais do XIII Simp{\'o}sio Brasileiro de Tecnologia da Informa{\c{c}}{\~a}o e da Linguagem Humana},
  year={2021},
  organization={SBC},
  key={Monte-Serrat}
}

@misc{geroge,
	author = {Theodoridou I.},
	title = {Development and application of language models in {Greek} literature},
	institution = {Aristotle University of Thessaloniki},
	year = {2020},
    doi = {10.26262/heal.auth.ir.323350}
}

@article{xu,
	title={An Improved Random Forest Classifier for Text Categorization},
	author={Xu, B. and Guo, X. and Ye, Y. and Cheng, J.},
	journal={Journal of King Saud University - Computer and Information Sciences},
	year={2012},
	volume={7},
	pages={2913--2920}
}

@misc{sicong,
	author = {Liu, S. and Huang, Z. and Li, Y. and Sun, Z. and Wu, J. and Zhang, H.},
	title = {{DeepGenre}: Deep Neural Networks for Genre Classification in Literary Works},
	institution = {Language Technologies Institute, Carnegie Mellon University},
    year={2020}
}


@article{suleiman,
  title={Deep learning-based abstractive text summarization: approaches, datasets, evaluation measures, and challenges},
  author={Suleiman, D. and Awajan, A.},
  journal={Mathematical problems in engineering},
  volume={2020},
  pages={1--29},
  year={2020},
  publisher={Hindawi Limited}
}

@article{abigail,
	title     = {Get To The Point: Summarization with {Pointer-Generator Networks}},
  author={See, A. and Liu, P. J. and Manning, C. D.},
  journal={arXiv preprint arXiv:1704.04368},
  year={2017}
}

@inproceedings{xiao,
	title = "Extractive Summarization of Long Documents by Combining Global and Local Context",
	author = "Xiao, W.  and Carenini, G.",
	booktitle = "Proceedings of the Conference on Empirical Methods in Natural Language Processing and the International Joint Conference on Natural Language Processing (EMNLP-IJCNLP)",
	year = "2019",
	publisher = "Association for Computational Linguistics"
}

@article{luhn,
	author={Luhn, H. P.},
	journal={IBM Journal of Research and Development}, 
	title={The Automatic Creation of Literature Abstracts}, 
	year={1958},
	volume={2},
	number={2},
	pages={159-165}
}

@article{maybury,
	title = {Generating summaries from event data},
	journal = {Information Processing \& Management},
	volume = {31},
	number = {5},
	pages = {735-751},
	year = {1995},
	author = {Maybury, M. T.}
}

@inproceedings{lapata,
	title = "Neural Summarization by Extracting Sentences and Words",
	author = "Cheng, J.  and Lapata, M.",
	booktitle = "Proceedings of the Annual Meeting of the Association for Computational Linguistics",
	year = "2016",
	publisher = "Association for Computational Linguistics"
}

@inproceedings{nallapati,
	author    = {Nallapati, R. and Zhai, F. and Zhou, B.},
	title     = {{SummaRuNNer}: {A} {Recurrent Neural Network}-based Sequence Model for Extractive Summarization of Documents},
    booktitle={Proceedings of the AAAI Conference on Artificial Intelligence},
	year      = {2016}
}

@article{pakistan,
  title = {Urdu Speech and Text Based Sentiment Analyzer},
  author={Ahmad, W. and Edalati, M.},
  journal={arXiv preprint arXiv:2207.09163},
  year = {2022}
}

@inproceedings{kaur,
	title={Opinion mining and sentiment analysis},
	author={Bakshi, R. K. and Kaur, N. and Kaur, R. and Kaur, G.},
	booktitle={Proceedings of the International Conference on Computing for Sustainable Global Development (INDIACom)},
	year={2016}
}

@article{sergio,
  title={Sentiment analysis in tweets: an assessment study from classical to modern word representation models},
  author={Barreto, S. and Moura, R. and Carvalho, J. and Paes, A. and Plastino, A.},
  journal={Data Mining and Knowledge Discovery},
  volume={37},
  number={1},
  pages={318--380},
  year={2023},
  publisher={Springer}
}

@article{shelly,
  title={Detection of sarcasm in text data using deep convolutional neural networks},
  author={Mehndiratta, P. and Sachdeva, S. and Soni, D.},
  journal={Scalable Computing: Practice and Experience},
  volume={18},
  number={3},
  pages={219--228},
  year={2017}
}

@techreport{tepperman,
	author = {Tepperman, J. and Traum, D. and Narayanan, S.},
	year = {2006},
    institution = {University of Southern California},
	title = {'Yeah right': Sarcasm recognition for spoken dialogue systems}
}

@article{stacey,
  title={Context incongruity and irony processing},
  author={Ivanko, S. L. and Pexman, P. M.},
  journal={Discourse processes},
  volume={35},
  number={3},
  pages={241--279},
  year={2003},
  publisher={Taylor \& Francis}
}

@inproceedings{dmitry,
  title={Semi-supervised recognition of sarcasm in {Twitter and Amazon}},
  author={Davidov, D. and Tsur, O. and Rappoport, A.},
  booktitle={Proceedings of the Conference on Computational Natural Language Learning},
  year={2010}
}

@article{cortes,
  title={Support-Vector Networks},
  author={Cortes, C. and Vapnik, V.},
  journal={Machine Learning},
  volume={20},
  pages={273--297},
  year={1995},
  publisher={Springer}
}

@incollection{rumelhart,
  title={Learning internal representations by error propagation, in parallel distributed processing},
  author={Rumelhart, D. E.},
  journal={Explorations in the Microstructure of Cognition},
  pages={318--362},
  year={1986},
  publisher={MIT press}
}


@article{jordan,
  title={Serial order: A parallel distributed processing approach},
  author={Jordan, M. I.},
  booktitle={Advances in Psychology},
  volume={121},
  pages={471--495},
  year={1997},
  publisher={Elsevier}
}

@article{siegelman,
    title = {Turing computability with neural nets},
    journal = {Applied Mathematics Letters},
    volume = {4},
    number = {6},
    pages = {77-80},
    year = {1991},
    author = {Siegelmann, H. T. and Sontag, E. D.}
}

@article{sepp,
    author = {Hochreiter, S. and Schmidhuber, J.},
    year = {1997},
    month = {12},
    pages = {1735-80},
    title = {{Long Short-Term Memory}},
    volume = {9},
    journal = {Neural computation}
}

@inproceedings{feng,
  title={Audio visual speech recognition with multimodal {Recurrent Neural Networks}},
  author={Feng, W. and Guan, N. and Li, Y. and Zhang, X. and Luo, Z.},
  booktitle={Proceedings of the International Joint Conference on Neural Networks (IJCNN)},
  year={2017},
  publisher={IEEE}
}

@book{calin,
	author = {Calin, O.},
	title = {Deep Learning Architectures},
    subtitle = {A Mathematical Approach},
	year = {2020},
	Publisher = {Springer}
}

@inproceedings{ilia,
     author = {Vaswani, A. and Shazeer, N. and Parmar, N. and Uszkoreit, J. and Jones, L. and Gomez, A. N. and Kaiser, \L. and Polosukhin, I.},
     booktitle = {Proceedings of the Advances in Neural Information Processing Systems (NIPS)},
     title = {Attention is All you Need},
     year = {2017}
}

@inproceedings{rouge,
    title = "{ROUGE}: A Package for Automatic Evaluation of Summaries",
    author = "Lin, C.-Y.",
    booktitle = "Text Summarization Branches Out",
    year = "2004",
    publisher = "Association for Computational Linguistics"
}

@inproceedings{toutanova,
    title = "{BERT}: Pre-training of Deep Bidirectional {Transformers} for Language Understanding",
    author = "Devlin, J.  and Chang, M.-W.  and Lee, K. and Toutanova, K.",
    booktitle = "Proceedings of the Conference of the North {A}merican Chapter of the Association for Computational Linguistics: Human Language Technologies, Volume 1 (Long and Short Papers)",
    year = "2019",
    publisher = "Association for Computational Linguistics"
}

@inproceedings{pang2,
    title = "Thumbs up? Sentiment Classification using Machine Learning Techniques",
    author = "Pang, B. and Lee, L. and Vaithyanathan, S.",
    booktitle = "Proceedings of the Conference on Empirical Methods in Natural Language Processing ({EMNLP})",
    year = "2002",
    publisher = "Association for Computational Linguistics"
}

@inproceedings{elson,
  title={Automatic Attribution of Quoted Speech in Literary Narrative},
  author={Elson, D. K. and McKeown, K. R.},
  booktitle= {Proceedings of the AAAI Conference on Artificial Intelligence},
  year  = {2010}
}

@article{taylor,
  title={“Cloze Procedure”: A New Tool for Measuring Readability},
  author={Taylor, W. L.},
  journal={Journalism Quarterly},
  volume={30},
  number={4},
  pages={415--433},
  year={1953},
  publisher={SAGE Publications}
}

@inproceedings{karta,
  author    = {Clark, K. and Luong, M.T. and Le, Q. V. and Manning, C. D.},
  title     = {{ELECTRA:} Pre-training Text Encoders as Discriminators Rather Than Generators},
  booktitle = {Proceedings of the International Conference on Learning Representations (ICLR)},
  year      = {2020}
}

@misc{glue,
  author = {Wang, A. and Singh, A. and Michael, J. and Hill, F. and Levy, O. and Bowman, S. R.},
  title = {{GLUE}: A Multi-Task Benchmark and Analysis Platform for Natural Language Understanding},  
  booktitle = {Proceedings of the International Conference on Learning Representations (ICLR)},
  year = {2019}
}

@inproceedings{tang,
    title = "Document Modeling with {Gated Recurrent Neural Network} for Sentiment Classification",
    author = "Tang, D. and Qin, B. and Liu, T.",
    booktitle = "Proceedings of the Conference on Empirical Methods in Natural Language Processing",
    year = "2015",
    publisher = "Association for Computational Linguistics"
}

@inproceedings{dauphin,
  author = {Dauphin, Y. N. and Fan, A. and Auli, M. and Grangier, D.},
  title = {Language Modeling with Gated Convolutional Networks},
  booktitle={International conference on machine learning},
  year={2017},
  organization={PMLR}
}

@article{vu,
  title={Combining recurrent and convolutional neural networks for relation classification},
  author={Vu, N. T. and Adel, H. and Gupta, P. and Sch{\"u}tze, H.},
  journal={arXiv preprint arXiv:1605.07333},
  year={2016}
}

@article{scuttle,
  title={{ImageNet} large scale visual recognition challenge},
  author={Russakovsky, O. and Deng, J. and Su, H. and Krause, J. and Satheesh, S. and Ma, S. and Huang, Z. and Karpathy, A. and Khosla, A. and Bernstein, M. and others},
  journal={International Journal of Computer Vision},
  volume={115},
  pages={211--252},
  year={2015},
  publisher={Springer}
}

@Article{yang,
    AUTHOR = {Yang, Y.-X. and Wen, C. and Xie, K. and Wen, F.-Q. and Sheng, G.-Q. and Tang, X.-G.},
    TITLE = {Face Recognition Using the {SR-CNN} Model},
    JOURNAL = {Sensors},
    VOLUME = {18},
    YEAR = {2018},
    NUMBER = {12}
}

@article{patrick,
  title={{CNN}-based segmentation of medical imaging data},
  author={Kayalibay, B. and Jensen, G. and van der Smagt, P.},
  journal={arXiv preprint arXiv:1701.03056},
  year={2017}
}

@inproceedings{diao,
    author = {Diao, Q. and Qiu, M. and Wu, C.-Y. and Smola, A. and Wang, C.},
    year = {2014},
    title = {Jointly modeling aspects, ratings and sentiments for movie recommendation},
    booktitle = {Proceedings of the ACM SIGKDD International Conference on Knowledge Discovery and Data Mining}
}

@article{dragomir,
  title={Centroid-based summarization of multiple documents},
  author={Radev, D. R. and Jing, H. and Sty{\'s}, M. and Tam, D.},
  journal={Information Processing \& Management},
  volume={40},
  number={6},
  pages={919--938},
  year={2004},
  publisher={Elsevier}
}

@article{ouyang,
  title={Applying regression models to query-focused multi-document summarization},
  author={Ouyang, Y. and Li, W. and Li, S. and Lu, Q.},
  journal={Information Processing \& Management},
  volume={47},
  number={2},
  pages={227--237},
  year={2011},
  publisher={Elsevier}
}

@misc{johnson,
  title={Semi-supervised {Convolutional Neural Networks} for text categorization via region embedding},
  author={Johnson, R. and Zhang, T.},
  journal={Proceedings of the Advances in Neural Information Processing Systems (NIPS)},
  year={2015}
}

@inbook{ontonotes,
    author = {Weischedel, R. and Hovy, E. and Marcus, M. and Palmer, M. and Belvin, R. and Pradhan, S. and Ramshaw, L. and Xue, N.},
    year = {2011},
    title = {{OntoNotes}: A Large Training Corpus for Enhanced Processing},
    booktitle = {Handbook of Natural Language Processing and Machine Translation}
}

@inproceedings{tiedemann,
    title = "Parallel Data, Tools and Interfaces in {OPUS}",
    author = {Tiedemann, J.},
    booktitle = "Proceedings of the International Conference on Language Resources and Evaluation ({LREC})",
    year = "2012",
    publisher = "European Language Resources Association (ELRA)"
}

@inproceedings{bamman,
    title = "An Annotated Dataset of Coreference in {E}nglish Literature",
    author = "Bamman, D. and Lewke, O. and Mansoor, A.",
    booktitle = "Proceedings of the International Conference on Language Resources and Evaluation ({LREC})",
    year = "2020",
    publisher = "European Language Resources Association"
}

@article{li,
  author = {Li, Y. and Zhang, Y. and Zhao, Z. and Shen, L. and Liu, W. and Mao, W. and Zhang, H.},
  title = {{CSL}: A Large-scale {Chinese} Scientific Literature Dataset},
  journal={arXiv preprint arXiv:2209.05034},
  year = {2022}
}

@article{mikolov,
  author = {Mikolov, T. and Chen, K. and Corrado, G. and Dean, J.},
  title = {Efficient Estimation of Word Representations in Vector Space},
  journal={arXiv preprint arXiv:1301.3781},
  year = {2013}
}

@book{jurafsky,
	author = {Jurafsky, D. and Martin, J. H.},
	title = {Speech and Language Processing},
    subtitle = {An Introduction to Natural Language Processing,
Computational Linguistics, and Speech Recognition},
    publisher = {Pearson},
	year = {2000}
}

@inproceedings{tomas,
  author = {Mikolov, T. and Sutskever, I. and Chen, K. and Corrado, G. and Dean, J.},
  booktitle={Proceedings of the Advances in Neural Information Processing Systems (NIPS)},
  title = {Distributed Representations of Words and Phrases and their Compositionality},
  year = {2013}
}

@inproceedings{forman,
  author = {Forman, G.},
  title = {A Pitfall and Solution in Multi-Class Feature Selection for Text Classification},
  year = {2004},
  publisher = {Association for Computing Machinery},
  booktitle = {Proceedings of the International Conference on Machine Learning (ICML)}
}

@inproceedings{yiming,
  title={A Comparative Study on Feature Selection in Text Categorization},
  author={Yang, Y. and Pedersen, J. O.},
  booktitle={International Conference on Machine Learning (ICML)},
  year={1997}
}

@article{bergsta,
    author = {Bergstra, J. and Bengio, Y.},
    volume={13},
    number={2},
    year={2012},
    title = {Random Search for Hyper-Parameter Optimization},
    journal = {Journal of Machine Learning Research},
}

@inproceedings{meteor,
    title = "{METEOR}: An Automatic Metric for {MT} Evaluation with Improved Correlation with Human Judgments",
    author = "Banerjee, S. and Lavie, A.",
    booktitle = "Proceedings of the {ACL} Workshop on Intrinsic and Extrinsic Evaluation Measures for Machine Translation and/or Summarization",
    year = "2005",
    publisher = "Association for Computational Linguistics"
}

@article{edmunson,
    author = {Edmundson, H. P.},
    title = {New Methods in Automatic Extracting},
    year = {1969},
    publisher = {Association for Computing Machinery},
    volume = {16},
    number = {2},
    journal = {Journal of the ACM},
    pages = {264–285}
}

@inproceedings{mihalcea,
    title = "A Language-Independent Algorithm for Single and Multiple Document Summarization",
    author = "Mihalcea, R. and Tarau, P.",
    booktitle = "Companion Volume to the Proceedings of International Joint Conference on Natural Language Processing ({IJCNLP})",
    year = "2005"
}

@inproceedings{wan,
    title = "Improved Affinity Graph-Based Multi-Document Summarization",
    author = "Wan, X. and Yang, J.",
    booktitle = "Proceedings of the Human Language Technology Conference of the {NAACL}, Companion Volume: Short Papers",
    year = "2006",
    publisher = "Association for Computational Linguistics"
}

@inproceedings{chen,
    author = {Chen, P. and Verma, R.},
    title = {A Query-Based Medical Information Summarization System Using Ontology Knowledge},
    year = {2006},
    booktitle = {Proceedings of the IEEE Symposium on Computer-Based Medical Systems}
}

@inproceedings{ren,
author = {Ren, Z. and Liang, S. and Meij, E. and de Rijke, M.},
title = {Personalized Time-Aware Tweets Summarization},
year = {2013},
booktitle = {Proceedings of the International ACM SIGIR Conference on Research and Development in Information Retrieval}
}

@inproceedings{wang,
    title = "Graph-based Dependency Parsing with Bidirectional {LSTM}",
    author = "Wang, W. and Chang, B.",
    booktitle = "Proceedings of the Annual Meeting of the Association for Computational Linguistics (Volume 1: Long Papers)",
    year = "2016",
    publisher = "Association for Computational Linguistics"
}

@article{francis,
    author = {Pelletier, F.},
    year = {1994},
    pages = {11-24},
    title = {The Principle of Semantic Compositionality},
    volume = {13},
    journal = {Topoi}
}

@inproceedings{pang,
author = {Pang, B. and Lee, L.},
title = {A Sentimental Education: Sentiment Analysis Using Subjectivity Summarization Based on Minimum Cuts},
year = {2004},
publisher = {Association for Computational Linguistics},
booktitle = {Proceedings of the Annual Meeting on Association for Computational Linguistics {(ACL '04)}}
}

@inproceedings{xinzhao,
  author    = {Zhao, L. and Li, L. and Zheng, X. and Zhang, J.},
  title     = {A {BERT}-based Sentiment Analysis and Key Entity Detection Approach for On-line Financial Texts},
  year      = {2020},
  booktitle = {Proceedings of the IEEE International Conference on Computer Supported Cooperative Work in Design (CSCWD)}
}

@article{mao2022document,
  title={Document-level sentiment analysis using attention-based bi-directional {Long Short-Term Memory} network and two-dimensional {Convolutional Neural Network}},
  author={Mao, Y. and Zhang, Y. and Jiao, L. and Zhang, H.},
  journal={Electronics},
  volume={11},
  number={12},
  pages={1906},
  year={2022},
  publisher={MDPI}
}

@article{bhuvaneshwari2022sentiment,
  title={Sentiment analysis for user reviews using {Bi-LSTM self-attention-based CNN} model},
  author={Bhuvaneshwari, P. and Rao, A. N. and Robinson, Y. H. and Thippeswamy, M.N.},
  journal={Multimedia Tools and Applications},
  volume={81},
  number={9},
  pages={12405--12419},
  year={2022},
  publisher={Springer}
}

@article{nielker,
    author    = {Schr{\"{o}}der, C. and Niekler, A.},
    title     = {A Survey of Active Learning for Text Classification using {Deep Neural
               Networks}},
    journal   = {arXiv},
    volume    = {arXiv:2008.07267},
    year      = {2020}
}


@Article{kowasari,
    AUTHOR = {Kowsari, K. and Jafari Meimandi, K. and Heidarysafa, M. and Mendu, S. and Barnes, L. and Brown, D.},
    TITLE = {Text Classification Algorithms: A Survey},
    JOURNAL = {Information},
    VOLUME = {10},
    YEAR = {2019},
    NUMBER = {4}
}

@article{torfi,
    author = {Torfi, A. and Shirvani, R. A. and Keneshloo, Y. and Tavaf, N. and Fox, E. A.},
    title = {{Natural Language Processing} Advancements By Deep Learning: A Survey},
    journal = {arXiv},
    volume = {arXiv:2003.01200},
    year = {2020}
}

@article{hold,
  title={Data augmentation in {Natural Language Processing}: a novel text generation approach for long and short text classifiers},
  author={Bayer, M. and Kaufhold, M.-A. and Buchhold, B. and Keller, M. and Dallmeyer, J. and Reuter, C.},
  journal={International Journal of Machine Learning and Cybernetics},
  volume={14},
  number={1},
  pages={135--150},
  year={2023},
  publisher={Springer}
}

@INPROCEEDINGS{chai,  
    author={Chai, J. and Li, A.},
    booktitle={Proceedings of the International Conference on Machine Learning and Cybernetics (ICMLC)},
    title={Deep Learning in {Natural Language Processing}: A State-of-the-Art Survey},   
    year={2019}
}

@article{gupta,
    title = {Abstractive summarization: An overview of the state of the art},
    journal = {Expert Systems with Applications},
    volume = {121},
    pages = {49--65},
    year = {2019},
    author = {Gupta, S. and Gupta, S. K.},
    publisher = {Elsevier}
}

@article{hussein,
  title={A survey on sentiment analysis challenges},
  author={Hussein, D. M. E.-D. M.},
  journal={Journal of King Saud University-Engineering Sciences},
  volume={30},
  number={4},
  pages={330--338},
  year={2018},
  publisher={Elsevier}
}

@INPROCEEDINGS{Karamouzas2022,
  author={Karamouzas, D. and Mademlis, I. and Pitas, I.},
  booktitle={Proceedings of the IEEE International Workshop on Machine Learning for Signal Processing (MLSP)}, 
  title={Neural Knowledge Transfer for Sentiment Analysis in Texts with Figurative Language}, 
  year={2022}
}

@article{karamouzas2022SNAM,
  title={Public opinion monitoring through collective semantic analysis of tweets},
  author={Karamouzas, D. and Mademlis, I. and Pitas, I.},
  journal={Social Network Analysis and Mining},
  volume={12},
  number={1},
  pages={91},
  year={2022},
  publisher={Springer}
}

@article{phan,
  author={Phan, L. N. and Anibal, J. T. and Tran, H. and Chanana, S. and Bahadroglu, E. and Peltekian, A. and Altan-Bonnet, G.},
  journal={arXiv},
  title        = {{SciFive}: a text-to-text transformer model for biomedical literature},
  volume       = {arXiv:2106.03598},
  year         = {2021}
}

@inproceedings{nabizadeh,
    title = "{M}y{F}ixit: An Annotated Dataset, Annotation Tool, and Baseline Methods for Information Extraction from Repair Manuals",
    author = "Nabizadeh, N. and Kolossa, D. and Heckmann, M.",
    booktitle = "Proceedings of the Language Resources and Evaluation Conference",
    year = "2020",
    publisher = "European Language Resources Association"
}

@inproceedings{merchant,
  title={{NLP-}based latent semantic analysis for legal text summarization},
  author={Merchant, K. and Pande, Y.},
  booktitle={Proceedings of the IEEE International Conference on Advances in Computing, Communications and Informatics (ICACCI)},
  year={2018}
}

@article{shuo,
  title={A long-text classification method of Chinese news based on {BERT and CNN}},
  author={Chen, X. and Cong, P. and Lv, S.},
  journal={IEEE Access},
  volume={10},
  pages={34046--34057},
  year={2022}
}

@ARTICLE{lenet,
  author={Lecun, Y. and Bottou, L. and Bengio, Y. and Haffner, P.},
  journal={Proceedings of the IEEE}, 
  title={Gradient-based learning applied to document recognition}, 
  year={1998},
  volume={86},
  number={11},
  pages={2278--2324}
}


@article{alexnet,
    author = {Krizhevsky, A. and Sutskever, I. and Hinton, G. E.},
    title = {{ImageNet} Classification with Deep {Convolutional Neural Networks}},
    year = {2017},
    publisher = {Association for Computing Machinery},
    volume = {60},
    number = {6},
    journal = {Communications of the ACM},
    pages = {84–-90}
}

@article{koh,
  author   = {Koh, H. Y. and Ju, J. and Liu, M. and Pan, S.},
  title    = {An Empirical Survey on Long Document Summarization: Datasets, Models, and Metrics},
  year     = {2022},
  volume   = {55},
  number   = {8},
  journal  = {ACM Computing Surveys},
  pages    = {1--35}
}

@article{omori,
    title   = {Computational Storytelling and Emotions: A Survey}, 
    author  = {Mori, Y. and Yamane, H. and Mukuta, Y. and Harada, T.},
    year    = {2022},
    journal = {arXiv},
    volume  = {arXiv:2003.01200}
}

@inproceedings{jose,
   author={L{\"u}schow, A. and Tello, J. C.},
   title = {Towards Genre Classification in the Library Catalog},
   year = {2021},
   booktitle = {Proceedings of the Conference on Digital Curation Technologies (Qurator)}
}

@inproceedings{glove,
    title = "{G}lo{V}e: Global Vectors for Word Representation",
    author = "Pennington, J. and Socher, R. and Manning, C.",
    booktitle = "Proceedings of the Conference on Empirical Methods in Natural Language Processing ({EMNLP})",
    year = "2014",
    publisher = "Association for Computational Linguistics"
}

@inproceedings{elmo,
  author       = {Peters, M. E. and Neumann, M. and Iyyer, M. and Gardner, M. and Clark, C. and Lee, K. and Zettlemoyer, L.},
  title        = {Deep contextualized word representations},
  booktitle    = {Proceedings of the Conference of the North {A}merican Chapter of the Association for Computational Linguistics},
  year         = {2018}
}

@article{roberta,
     title   = {{RoBERTa}: A Robustly Optimized {BERT} Pretraining Approach}, 
     author  = {Liu, Y. and Ott, M. and Goyal, N. and Du, J. and Joshi, M. and Chen, D. and Levy, O. and Lewis, Mike. and Zettlemoyer, L. and Stoyanov, V.},
     year    = {2019},
     volume  = {arXiv:1907.11692},
     journal = {arXiv}
}

@inproceedings{bahdanau,
      title     = {{Neural Machine Translation} by Jointly Learning to Align and Translate}, 
      author    = {Bahdanau, D. and Cho, K. and Bengio, Y.},
      year      = {2015},
      booktitle = {Proceedings of the International Conference on Learning Representations (ICLR)}
}

@inproceedings{huynh,
  author={Huynh-The, T. and Hua, C.-H. and Kim, J.-W. and Kim, S.-H. and Kim, D.-S.},
  booktitle={Proceedings of the IEEE Wireless Communications and Networking Conference (WCNC)}, 
  title={Exploiting a low-cost {CNN} with skip connection for robust automatic modulation classification},
  year={2020}
}

@article{nal,
  author = {Minaee, S. and Kalchbrenner, N. and Cambria, E. and Nikzad, N. and Chenaghlu, M. and Gao, J.},
  journal={ACM Computing Surveys},
  volume={54},
  number={3},
  pages={1--40},
  year={2021}
}

@INPROCEEDINGS{wagh,
  author={Wagh, V. and Khandve, S. and Joshi, I. and Wani, A. and Kale, G. and Joshi, R.},
  booktitle={Proceedings of the IEEE Region 10 Conference (TENCON)},
  title={Comparative Study of Long Document Classification}, 
  year={2021}
}

@article{poon,
  title={Applications and Enhancement of Document-Based Sentiment Analysis in Deep learning Methods: Systematic Literature Review},
  author={Alshuwaier, F. and Areshey, A. and Poon, J.},
  journal={Intelligent Systems with Applications},
  volume={15},
  pages={200090},
  year={2022},
  publisher={Elsevier}
}

@article{lulu,
  title        = {Long-length Legal Document Classification},
  journal      = {arXiv},
  author       = {Wan, L. and Papageorgiou, G. and Seddon, M. and Bernardoni, M.},
  volume       = {arXiv:1912.06905},
  year         = {2019}
}

@INPROCEEDINGS{bambroo,
  author={Bambroo, P. and Awasthi, A.},
  booktitle={Proceedings of the International Conference on Advances in Electrical, Computing, Communication and Sustainable Technologies (ICAECT)},
  title={{LegalDB: Long DistilBERT} for Legal Document Classification},
  year={2021}
}

@InProceedings{vithya,
author="Yogarajan, V. and Montiel, J. and Smith, T. and Pfahringer, B.",
title="Transformers for Multi-label Classification of Medical Text: An Empirical Comparison",
booktitle="Proceedings of the International Conference on Artificial Intelligence in Medicine",
year="2021"
}

@article{dale,
  title={Law and word order: {NLP} in legal tech},
  author={Dale, R.},
  journal={Natural Language Engineering},
  volume={25},
  number={1},
  pages={211--217},
  year={2019},
  publisher={Cambridge University Press}
}

@article{borgir,
  title={A survey on sentence level sentiment analysis},
  author={Bongirwar, V. K.},
  journal={International Journal of Computer Science Trends and Technology (IJCST)},
  volume={3},
  number={3},
  pages={110--113},
  year={2015}
}

@inproceedings{guo,
author = {Ai, Q. and Yang, L. and Guo, J. and Croft, W. B.},
title = {Analysis of the Paragraph Vector Model for Information Retrieval},
year = {2016},
booktitle = {Proceedings of the ACM International Conference on the Theory of Information Retrieval}
}

@article{andrew,
  title      = {Document embedding with paragraph vectors},
  journal    = {arXiv},
  author     = {Dai, A. M. and Olah, C. and Le, Q. V.},
  volume     = {arXiv:1507.07998},
  year       = {2015}
}

@article{timothy,
  author       = {Bhatia, S. and Lau, J. H. and Baldwin, T.},
  title        = {An Automatic Approach for Document-level Topic Model Evaluation},
  booktitle    = {Proceedings of the Conference on Computational Natural Language Learning ({C}o{NLL})},
  year         = {2017}
}

@inproceedings{jiwei,
  author       = {Li, J. and Luong, T. and Jurafsky, D.},
  title        = {A Hierarchical Neural Autoencoder for Paragraphs and Documents},
  booktitle    = {Proceedings of the Annual Meeting of the Association for Computational Linguistics},
  year         = {2015}
}

@inproceedings{wei,
  title={Hierarchical interaction networks with rethinking mechanism for document-level sentiment analysis},
  author={Wei, L. and Hu, D. and Zhou, W. and Tang, X. and Zhang, X. and Wang, X. and Han, J. and Hu, S.},
  booktitle={Proceedings of the European Conference on Machine Learning and Principles and Practice of Knowledge Discovery in Databases (ECML PKDD)},
  year={2020},
  organization={Springer}
}

@article{patentnet,
  title={{PatentNet}: multi-label classification of patent documents using deep learning-based language understanding},
  author={Haghighian Roudsari, A. and Afshar, J. and Lee, W. and Lee, S.},
  journal={Scientometrics},
  pages={1--25},
  year={2022},
  publisher={Springer}
}

@INPROCEEDINGS{hsu,
  author={Hsu, C.-C. and Chang, P.-C. and Chang, A.},
  booktitle={Proceedings of the IEEE International Symposium on Community-centric Systems (CcS)}, 
  title={Multi-Label Classification of ICD Coding Using Deep Learning}, 
  year={2020}
}

@inproceedings{1453,
    title = "{E}mo{N}et: Fine-Grained Emotion Detection with {Gated Recurrent Neural Networks}",
    author = "Abdul-Mageed, M. and Ungar, L.",
    booktitle = "Proceedings of the Annual Meeting of the Association for Computational Linguistics",
    year = "2017"
}

@article{Plutchik2001,
  title={The nature of emotions: Human emotions have deep evolutionary roots, a fact that may explain their complexity and provide tools for clinical practice},
  author={Plutchik, R.},
  journal={American scientist},
  volume={89},
  number={4},
  pages={344--350},
  year={2001}
}

@InProceedings{GRNN,
  title = 	 {Gated Feedback {Recurrent Neural Networks}},
  author = 	 {Chung, J. and Gulcehre, C. and Cho, K. and Bengio, Y.},
  booktitle =  {Proceedings of the International Conference on Machine Learning (ICML)},
  year = 	     {2015}
}


@inproceedings{mehta,
    title = "From Extractive to Abstractive Summarization: A Journey",
    author = "Mehta, P.",
    booktitle = "Proceedings of the {ACL} Student Research Workshop",
    year = "2016"
}

@article{clement,
  title={On the use of {arXiv} as a dataset},
  author={Clement, C. B. and Bierbaum, M. and O'Keeffe, K. P. and Alemi, A. A.},
  journal={arXiv},
  volume={arXiv:1905.00075},
  year={2019}
}

@misc{tf_datasets,
  key = {tf-datasets},
  title = {{TensorFlow} scientific papers dataset},
  howpublished = {\url{https://www.tensorflow.org/datasets/catalog/scientific_papers}},
  note = {Accessed: 2023-04-22},
  year={nodate}
}

@misc{kaggle_arxiv,
  title = {{Kaggle arXiv} dataset},
  howpublished = {\url{https://www.tensorflow.org/datasets/catalog/scientific_papers}},
  note = {Accessed: 2023-04-22},
  year={2020},
  author={Bozsolik, T.}
}

@misc{hugging_face_arxiv,
  key = {arxiv-hugging-face},
  title = {{Hugging Face library arXiv} dataset},
  howpublished = {\url{https://www.tensorflow.org/datasets/catalog/scientific_papers}},
  note = {Accessed: 2023-04-22},
  year={nodate}
}

@article{franck,
  title={{PubMed 200k RCT}: a dataset for sequential sentence classification in medical abstracts},
  author={Dernoncourt, F. and Lee, J. Y.},
  journal={arXiv},
  volume={arXiv:1710.06071},
  year={2017}
}

@inproceedings{sumpubmed,
  title={{SumPubMed: Summarization dataset of PubMed} scientific articles},
  author={Gupta, V. and Bharti, P. and Nokhiz, P. and Karnick, H.},
  booktitle={Proceedings of the Annual Meeting of the Association for Computational Linguistics and the International Joint Conference on Natural Language Processing: Student Research Workshop},
  year={2021}
}

@article{gong,
  title={End-to-end neural sentence ordering using pointer network},
  author={Gong, J. and Chen, X. and Qiu, X. and Huang, X.},
  journal={arXiv},
  volume={arXiv:1611.04953},
  year={2016}
}

@misc{hugging_face_pubmed,
    key = {pubmed-hugging-face},
  title = {{Hugging Face library arXiv} dataset},
  howpublished = {\url{https://huggingface.co/datasets/pubmed}},
  note = {Accessed: 2023-04-22},
  year={nodate}
}

@article{gales,
  author       = {Manakul, P. and Gales, M. J. F.},
  title        = {Long-Span Dependencies in {Transformer}-based Summarization Systems},
  journal      = {arXiv},
  volume       = {arXiv:2105.03801},
  year         = {2021}
}

@article{longformer,
  author       = {Beltagy, I. and Peters, M.E. and Cohan, A.},
  title        = {Longformer: The Long-Document {Transformer}},
  journal      = {arXiv},
  volume       = {arXiv:2004.05150},
  year         = {2020}
}

@article{child,
  author       = {Child, R. and Gray, S. and Radford, A. and Sutskever, I.},
  title        = {Generating Long Sequences with {Sparse Transformers}},
  journal      = {arXiv},
  volume       = {arXiv:1904.10509},
  year         = {2019}
}

@inproceedings{ion,
  author       = {Chalkidis, C. and Fergadiotis, M. and Malakasiotis, P. and Androutsopoulos, I.},
  title        = {Large-Scale Multi-Label Text Classification on {EU} Legislation},
  booktitle    = {Proceedings of the Annual Meeting of the Association for Computational Linguistics},
  year         = {2019}
}

@article{junhua,
title = {A comparative study of automated legal text classification using random forests and deep learning},
journal = {Information Processing \& Management},
volume = {59},
number = {2},
pages = {102798},
year = {2022},
author = {Chen, H. and Wu, L. and Chen, J. and Lu, W. and Ding, J.}
}

@article{qian,
  author       = {Li, Q. and Peng, H. and Li, J. and Xia, C. and Yang, R. and Sun, L. and Yu, P. S. and He, L.},
  title        = {A Survey on Text Classification: From Traditional to Deep Learning},
  journal      = {ACM Transactions on Intelligent Systems and Technology},
  volume       = {13},
  number       = {2},
  year         = {2022}
}

@article{ion2,
  author       = {Chalkidis, I. and Fergadiotis, M. and Kotitsas, S. and Malakasiotis, P. and Aletras, N. and Androutsopoulos, I.},
  title        = {An Empirical Study on Large-Scale Multi-Label Text Classification
                  Including Few and Zero-Shot Labels},
  journal      = {Proceedings of the Conference on Empirical Methods in Natural Language Processing},
  publisher    = {Association for Computational Linguistics},
  year         = {2020}
}

@article{mcbert,
  title      = {Conceptualized Representation Learning for Chinese Biomedical Text Mining},
  author     = {Zhang, N. and Jia, Q. and Yin, K. and Dong, L. and Gao, F. and Hua, N.},
  journal    = {arXiv},
  volume     = {arXiv:2008.10813},
  year       = {2020}
}

@Article{ammar,
AUTHOR = {Khadhraoui, M. and Bellaaj, H. and Ammar, M. B. and Hamam, H. and Jmaiel, M.},
TITLE = {Survey of {BERT}-based Models for Scientific Text Classification: {COVID}-19 Case Study},
JOURNAL = {Applied Sciences},
VOLUME = {12},
YEAR = {2022},
NUMBER = {6}
}

@article{so,
    author = {Lee, J. and Yoon, W. and Kim, S. and Kim, D. and Kim, S. and So, C. H. and Kang, J.},
    title = {{BioBERT}: a pre-trained biomedical language representation model for biomedical text mining},
    journal = {Bioinformatics},
    volume = {36},
    number = {4},
    pages = {1234-1240},
    year = {2019}
}

@inproceedings{dai,
      title={Revisiting {Transformer}-based Models for Long Document Classification}, 
      author={Dai, X. and Chalkidis, I. and Darkner, S. and Elliott, D.},
      year={2022},
      booktitle={Proceedings of the Findings of the Association for Computational Linguistics (EMNLP)}
}

@inproceedings{dai-etal-2019-transformer,
    title = "Transformer-{XL}: Attentive Language Models beyond a Fixed-Length Context",
    author = "Dai, Z. and Yang, Z. and Yang, Y. and Carbonell, J. and Le, Q. and Salakhutdinov, R.",
    booktitle = "Proceedings of the Annual Meeting of the Association for Computational Linguistics",
    year = "2019"
}

@article{wavenet,
  author       = {van den Oord, A. and Dieleman, S. and Zen, H. and Simonyan, K. and Vinyals, O. and Graves, A. and Kalchbrenner, N. and Senior, A. W. and Kavukcuoglu, K.},
  title        = {{WaveNet}: {A} Generative Model for Raw Audio},
  journal      = {arXiv},
  volume       = {arXiv:1609.03499},
  year         = {2016}
}

@article{glue_gunner,
  author       = {Chalkidis, I. and Jana, A. and Hartung, D. and Bommarito, M. and Androutsopoulos, I. and Katz, D. and Aletras, N.},
  title        = {{LexGLUE}: {A} Benchmark Dataset for Legal Language Understanding in
                  {English}},
  booktitle      = {Proceedings of the Annual Meeting of the Association for Computational Linguistics},
  year         = {2021}
}

@article{mimic,
  title  = {{MIMIC-III}, a freely accessible critical care database},
  author={Johnson, A. E.W. and Pollard, T. J. and Shen, L. and Lehman, L.-W. H. and Feng, M. and Ghassemi, M. and Moody, B. and Szolovits, P. and Anthony Celi, L. and Mark, R. G.},
  journal={{Scientific Data}},
  volume={3},
  number={1},
  pages={1--9},
  year={2016},
  publisher={Nature Publishing Group}
}

@inproceedings{ion3,
    title = "Paragraph-level Rationale Extraction through Regularization: A case study on {E}uropean Court of Human Rights Cases",
    author = "Chalkidis, I. and Fergadiotis, M. and Tsarapatsanis, D. and Aletras, N. and Androutsopoulos, I. and Malakasiotis, P.",
    booktitle = "Proceedings of the Conference of the North American Chapter of the Association for Computational Linguistics: Human Language Technologies",
    year = "2021"
}

@inproceedings{koreeda,
    title = "{C}ontract{NLI}: A Dataset for Document-level Natural Language Inference for Contracts",
    author = "Koreeda, Y. and Manning, C.",
    booktitle = "Proceedings of the Findings of the Association for Computational Linguistics (EMNLP)",
    year = "2021"
}

@article{habernal,
  title={Mining Legal Arguments in Court Decisions}, 
  author={Habernal, I. and Faber, D. and Recchia, N. and Bretthauer, S. and Gurevych, I. and Spiecker genannt D{\"o}hmann, I. and Burchard, C.},
  journal={Artificial Intelligence and Law},
  pages={1--38},
  year={2023},
  publisher={Springer}
}

@article{alicia,
  title        = {{QuALITY}: Question Answering with Long Input Texts, Yes!},
author={Bowman, S. R. and Chen, A. and He, H. and Joshi, N. and Ma, J. and Nangia, N. and Padmakumar, V. and Pang, R. Y. and Parrish, A. and Phang, J. et al.},
  booktitle={Proceedings of the Annual Conference of the North American Chapter of the Association for Computational Linguistics (NAACL)},
  year={2022}
}

@misc{20groups,
  key = {20 Groups},
  title = {20 Newsgroups},
  howpublished = {\url{http://qwone.com/~jason/20Newsgroups/}},
  note = {Accessed: 2023-04-30},
  year={nodate}
}

@inproceedings{ion_han,
    title = "Neural Legal Judgment Prediction in {E}nglish",
    author = "Chalkidis, I.  and Androutsopoulos, I.  and Aletras, N.",
    booktitle = "Proceedings of the Annual Meeting of the Association for Computational Linguistics (ACL)",
    year = "2019"
}

@inproceedings{zichao,
    title = "{Hierarchical Attention Networks} for Document Classification",
    author = "Yang, Z. and Yang, D. and Dyer, C. and He, X. and Smola, A. and Hovy, E.",
    booktitle = "Proceedings of the Conference of the North {A}merican Chapter of the Association for Computational Linguistics: Human Language Technologies",
    year = "2016"
}

@inproceedings{yanguang,
    title = "Joint Entity and Relation Extraction for Legal Documents with Legal Feature Enhancement",
    author = "Chen, Y. and Sun, Y. and Yang, Z. and Lin, H.",
    booktitle = "Proceedings of the International Conference on Computational Linguistics",
    year = "2020"
}

@inproceedings{ion6,
    title = "{LEGAL}-{BERT}: The {Muppets} straight out of Law School",
    author = "Chalkidis, I. and Fergadiotis, M. and Malakasiotis, P. and Aletras, N. and Androutsopoulos, I.",
    booktitle = "Proceedings of the Conference on Empirical Methods in Natural Language Processing (EMNLP)",
    year = "2020"
}

@inproceedings{zheng,
  title={When does pretraining help? assessing self-supervised learning for law and the casehold dataset of 53,000+ legal holdings},
  author={Zheng, L. and Guha, N. and Anderson, B. R. and Henderson, P. and Ho, D. E.},
  booktitle={Proceedings of the International Conference on Artificial Intelligence and Law},
  year={2021}
}

@inproceedings{qi,
    title = "{Hi-Transformer}: Hierarchical Interactive {Transformer} for Efficient and Effective Long Document Modeling",
    author = "Wu, C. and Wu, F. and Qi, T. and Huang, Y.",
    booktitle = "Proceedings of the Annual Meeting of the Association for Computational Linguistics and the International Joint Conference on Natural Language Processing",
    year = "2021"
}

@journal{liu,
  title={{ERNIE-SPARSE}: Learning Hierarchical Efficient {Transformer} Through Regularized Self-Attention}, 
  author={Liu, Y. and Liu, J. and Chen, L. and Lu, Y. and Feng, S. and Feng, Z. and Sun, Y. and Tian, H. and Wu, H. and Wang, H.},
  journal={arXiv},
  volume={arXiv:2203.12276},
  year={2022}
}

@misc{hyperpartisan,
    key={Hyperpartisan},
  title = {Hyperpartisan dataset},
  howpublished = {\url{https://pan.webis.de/data.html\#pan-semeval-hyperpartisan-news-detection-19}},
  note = {Accessed: 2023-04-30},
  year={nodate}
}

@inproceedings{khandve,
author = {Khandve, S. I. and Wagh, V. K. and Wani, A. D. and Joshi, I. M. and Joshi, R. B.},
title = {Hierarchical Neural Network Approaches for Long Document Classification},
year = {2022},
booktitle = {Proceedings of the International Conference on Machine Learning and Computing (ICMLC)}
}

@article{use,
  title={Universal sentence encoder},
  author={Cer, D. and Yang, Y. and Kong, S.-Y. and Hua, N. and Limtiaco, N. and John, R. S. and Constant, N. and Guajardo-Cespedes, M. and Yuan, S. and Tar, C. et al.},
  journal={arXiv},
  volume={arXiv:1803.11175},
  year={2018}
}

@inproceedings{big_bird,
  title={{Big Bird: Transformers} for longer sequences},
  author={Zaheer, M. and Guruganesh, G. and Dubey, K. A. and Ainslie, J. and Alberti, C. and Ontanon, S. and Pham, P. and Ravula, A. and Wang, Q. and Yang, L. et al.},
  booktitle={Proceedings of the Advances in Neural Information Processing Systems (NIPS)},
  year={2020}
}

@inproceedings{ernie-doc,
    title = "{ERNIE}-{D}oc: A Retrospective Long-Document Modeling Transformer",
    author = "Ding, S. and Shang, J. and Wang, S. and Sun, Y. and Tian, H. and Wu, H. and Wang, H.",
    booktitle = "Proceedings of the Annual Meeting of the Association for Computational Linguistics and the International Joint Conference on Natural Language Processing",
    year = "2021"
}

@misc{GPT,
  author = {Radford, A. and Narasimhan, K. and Salimans, T. and Sutskever, I.},
  title = {Improving language understanding by generative pre-training},
  year = {2018}
}

@misc{GPT2,
  author = {Radford, A. and Wu, J. and Child, R. and Luan, D. and Amodei, D. and Sutskever, I.},
  title = {Language Models are Unsupervised Multitask Learners},
  year = 2018
}

@article{GPT3,
  author = {Brown, T. B. and Mann, B. and Ryder, N. and Subbiah, M. and Kaplan, J. and Dhariwal, P. and Neelakantan, A. and Shyam, P. and Sastry, G. and Askell, A. et al.},
  journal = {arXiv},
  volume = {arXiv:2005.14165},
  title = {Language models are few-shot learners},
  year = 2020
}

@article{BART,
  title        = {{BART:} Denoising Sequence-to-Sequence Pre-training for Natural Language Generation, Translation and Comprehension},
 author={Lewis, M. and Liu, Y. and Goyal, N. and Ghazvininejad, M. and Mohamed, A. and Levy, O. and Stoyanov, V. and Zettlemoyer, L.},
  journal = {arXiv},
  volume = {arXiv:1910.13461},
  year={2019}
}

@article{tanyangxing,
  title        = {Progressive Generation of Long Text},
  author={Tan, B. and Yang, Z. and Maruan, A.-S. and Xing, E. P. and Hu, Z.},
  journal={arXiv},
  volume = {arXiv:2006.15720},
}

@ARTICLE{biRNN,
  author={Schuster, M. and Paliwal, K.K.},
  journal={IEEE Transactions on Signal Processing}, 
  title={{Bidirectional Recurrent Neural Networks}}, 
  year={1997},
  volume={45},
  number={11},
  pages={2673-2681}
}

@inproceedings{biLSTM,
  author = {Graves, A. and Rahman Mohamed, A. and Hinton, G. E.},
  title = {Speech Recognition with Deep {Recurrent Neural Networks}},
  booktitle={Proceedings of the IEEE International Conference on Acoustics, Speech and Signal Processing (ICASSP)},
  year = {2013}
}

@inproceedings{akter,
    title = "Revisiting Automatic Evaluation of Extractive Summarization Task: Can We Do Better than {ROUGE}?",
    author = "Akter, M. and Bansal, N. and Karmaker, S. K.",
    booktitle = "Proceedings of the Findings of the Association for Computational Linguistics (ACL)",
    year = "2022"
}

@inproceedings{nallapati2,
    title = "Abstractive Text Summarization using Sequence-to-sequence {RNN}s and Beyond",
    author = "Nallapati, R. and Zhou, B. and dos Santos, C. and Gulcehre, C. and Xiang, B.",
    booktitle = "Proceedings of the {SIGNLL} Conference on Computational Natural Language Learning",
    year = "2016"
}

@misc{tf_cnn_dailymail,
  title = {{TensorFlow CNN-DailyMail Dataset}},
  howpublished = {\url{https://www.tensorflow.org/datasets/catalog/cnn_dailymail}},
  note = {Accessed: 2023-05-30},
  year={nodate}
}

@misc{kaggle_cnn_dailymail,
  title = {{Kaggle CNN-DailyMail Dataset}},
  howpublished = {\url{https://www.kaggle.com/datasets/gowrishankarp/newspaper-text-summarization-cnn-dailymail}},
  note = {Accessed: 2023-05-30},
  year={nodate}
}

@misc{hugging_face_cnn_dailymail,
  title = {{Hugging Face CNN-DailyMail Dataset}},
  howpublished = {\url{https://pan.webis.de/data.html\#pan-semeval-hyperpartisan-news-detection-19}},
  note = {Accessed: 2023-05-30},
  year={nodate}
}

@inproceedings{graham,
    title = "Re-evaluating Automatic Summarization with {BLEU} and 192 Shades of {ROUGE}",
    author = "Graham, Y.",
    booktitle = "Proceedings of the Conference on Empirical Methods in Natural Language Processing (EMNLP)",
    year = "2015"
}

@article{fabbri,
  title={{SummEval}: Re-evaluating summarization evaluation},
  author={Fabbri, A. R. and Kry{\'s}ci{\'n}ski, W. and McCann, B. and Xiong, C. and Socher, R. and Radev, D.},
  journal={Transactions of the Association for Computational Linguistics},
  volume={9},
  pages={391--409},
  year={2021},
  publisher={MIT Press}
}

@article{blanc,
  author={Vasilyev, O. and Dharnidharka, V. and Bohannon, J.},
  title        = {Fill in the {BLANC:} Human-free quality estimation of document summaries},
  booktitle      = {Proceedings of the First Workshop on Evaluation and Comparison of NLP Systems (Eval4NLP)},
  year         = {2020}
}

@inproceedings{ bert_score,
title={{BERTScore}: Evaluating Text Generation with {BERT}},
author={Zhang, T. and Kishore, V. and Wu, F. and Weinberger, K. Q. and Artzi, Y.},
booktitle={Proceedings of the International Conference on Learning Representations (ICLR)},
year={2020}
}

@inproceedings{pitler,
    title = "Automatic Evaluation of Linguistic Quality in Multi-Document Summarization",
    author = "Pitler, E. and Louis, A. and Nenkova, A.",
    booktitle = "Proceedings of the Annual Meeting of the Association for Computational Linguistics",
    year = "2010"
}

@inproceedings{s3,
    title = "Learning to Score System Summaries for Better Content Selection Evaluation",
    author = "Peyrard, M. and Botschen, T. and Gurevych, I.",
    booktitle = "Proceedings of the Workshop on New Frontiers in Summarization",
    year = "2017"
}

@inproceedings{lapata_bert,
    title = "Text Summarization with Pretrained Encoders",
    author = "Liu, Y. and Lapata, M.",
    booktitle = "Proceedings of the Conference on Empirical Methods in Natural Language Processing and the International Joint Conference on Natural Language Processing (EMNLP-IJCNLP)",
    year = "2019"
}

@article{histruct,
  title={{HiStruct+}: Improving extractive text summarization with hierarchical structure information},
  author={Ruan, Q. and Ostendorff, M. and Rehm, G.},
  journal={arXiv},
  volume={arXiv:2203.09629},
  year={2022}
}

@article{dirichet,
  title={{Latent Dirichlet Allocation}},
  author={Blei, D. M. and Ng, A. Y. and Jordan, M. I.},
  journal={Journal of Machine Learning Research},
  volume={3},
  pages={993--1022},
  year={2003}
}

@misc{keybert,
  author       = {Grootendorst, M.},
  title        = {{KeyBERT}: Minimal keyword extraction with {BERT}},
  year         = 2020,
  publisher    = {Zenodo},
  version      = {v0.3.0},
  doi          = {10.5281/zenodo.4461265},
  url          = {https://doi.org/10.5281/zenodo.4461265}
}

@inproceedings{hegel,
      title={{HEGEL: Hypergraph Transformer} for Long Document Summarization}, 
      author={Zhang, H. and Liu, X. and Zhang, J.},
      year={2022},
      booktitle={Proceedings of the Conference on Empirical Methods in Natural Language Processing (EMNLP)}
}

@misc{matchsum,
      title={Extractive Summarization as Text Matching}, 
      author={Zhong, M. and Liu, P. and Chen, Y. and Wang, D. and Qiu, X. and Huang, X.},
      year={2020},
      booktitle={Proceedings of the Annual Meeting of the Association for Computational Linguistics}
}

@inproceedings{pan_bottom,
      title={Long Document Summarization with Top-down and Bottom-up Inference}, 
      author={Pang, B. and Nijkamp, E. and Kry{\'s}ci{\'n}ski, W. and Savarese, S. and Zhou, Y. and Xiong, C.},
      year={2023},
      booktitle={Proceedings of the Findings of the Association for Computational Linguistics (ACL)}
}

@inproceedings{poland,
      title={{BookSum}: A Collection of Datasets for Long-form Narrative Summarization}, 
      author={Kry{\'s}ci{\'n}ski, W. and Rajani, N. and Agarwal, D. and Xiong, C. and Radev, D.},
      year={2022},
      booktitle={Proceedings of the Findings of the Association for Computational Linguistics (ACL)}
}

@inproceedings{summset    ,
author={Chen, M. and Chu, Z. and Wiseman, S. and Gimpel, K.},
  title        = {{SummScreen}: {A} Dataset for Abstractive Screenplay Summarization},
  journal      = {Proceedings of the Annual Meeting of the Association for Computational Linguistics},
  year         = {2021}
}

@inproceedings{shin,
      title={Lexicon Integrated {CNN} Models with Attention for Sentiment Analysis}, 
      author={Shin, B. and Lee, T. and Choi, J. D.},
      year={2017},
      booktitle = "Proceedings of the Workshop on Computational Approaches to Subjectivity, Sentiment and Social Media Analysis"
}


@Article{morocco,
    AUTHOR = {Rhanoui, M. and Mikram, M. and Yousfi, S. and Barzali, S.},
    TITLE = {A {CNN-BiLSTM} Model for Document-Level Sentiment Analysis},
    JOURNAL = {Machine Learning and Knowledge Extraction},
    VOLUME = {1},
    YEAR = {2019},
    NUMBER = {3},
    PAGES = {832--847}
}

@Article{LSTM,
  author      = {Hochreiter, S. and Schmidhuber, J.},
  journal     = {Neural Computation},
  title       = {{Long Short-Term Memory}},
  year        = {1997},
  number      = {8},
  pages       = {1735--1780},
  volume      = {9}
}

@inproceedings{doc2vec,
  title={Distributed representations of sentences and documents},
  author={Le, Q. and Mikolov, T.},
  booktitle={Proceedings of the International Conference on Machine Learning},
  year={2014},
  organization={PMLR}
}

@inproceedings{nyt_dataset,
    title = "Learning-Based Single-Document Summarization with Compression and Anaphoricity Constraints",
    author = "Durrett, G. and Berg-Kirkpatrick, T. and Klein, D.",
    booktitle = "Proceedings of the Annual Meeting of the Association for Computational Linguistics",
    year = "2016"
}

@inproceedings{gehrmann,
    title = "Bottom-Up Abstractive Summarization",
    author = "Gehrmann, S. and Deng, Y. and Rush, A.",
    booktitle = "Proceedings of the Conference on Empirical Methods in Natural Language Processing (EMNLP)",
    year = "2018"
}

@inproceedings{wei2,
    title = "Improving Neural Abstractive Document Summarization with Explicit Information Selection Modeling",
    author = "Li, W. and Xiao, X. and Lyu, Y. and Wang, Y.",
    booktitle = "Proceedings of the Conference on Empirical Methods in Natural Language Processing (EMNLP)",
    year = "2018"
}

@inproceedings{kryscinski,
    title = "Evaluating the Factual Consistency of Abstractive Text Summarization",
    author = "Kryscinski, W. and McCann, B. and Xiong, C. and Socher, R.",
    booktitle = "Proceedings of the Conference on Empirical Methods in Natural Language Processing (EMNLP)",
    year = "2020"
}

@inproceedings{kim,
    title = "{Convolutional Neural Networks} for Sentence Classification",
    author = "Kim, Y.",
    booktitle = "Proceedings of the Conference on Empirical Methods in Natural Language Processing ({EMNLP})",
    year = "2014"
}

@article{hota,
  title={Time series data prediction using sliding window-based {RBF} neural network},
  author={Hota, H.S. and Handa, R. and Shrivas, A. K.},
  journal={International Journal of Computational Intelligence Research},
  volume={13},
  number={5},
  pages={1145--1156},
  year={2017}
}

@article{saeed,
  title = {Online fault monitoring based on {Deep Neural Network} \& sliding window technique},
  author={Saeed, H. A. and Wang, H. and Peng, M. and Hussain, A. and Nawaz, A.},
  journal={Progress in Nuclear Energy},
  volume={121},
  pages={103236},
  year={2020},
  publisher={Elsevier}
}

@inproceedings{odysseas,
author = {Krystalakos, O. and Nalmpantis, C. and Vrakas, D.},
title = {Sliding Window Approach for Online Energy Disaggregation Using {Artificial Neural Networks}},
year = {2018},
booktitle = {Proceedings of the Hellenic Conference on Artificial Intelligence (SETN)}
}

@INPROCEEDINGS{kiros,
  author={Zhu, Y. and Kiros, R. and Zemel, R. and Salakhutdinov, R. and Urtasun, R. and Torralba, A. and Fidler, S.},
  booktitle={Proceedings of the IEEE International Conference on Computer Vision (ICCV)},
  title={Aligning Books and Movies: Towards Story-Like Visual Explanations by Watching Movies and Reading Books},
  year={2015}
}

@article{trinh,
  title={A simple method for commonsense reasoning},
  author={Trinh, T. H. and Le, Q. V.},
  journal={arXiv},
  volume={arXiv:1806.02847},
  year={2018}
}

@inproceedings{seq2seq,
 author = {Sutskever, I. and Vinyals, O. and Le, Q. V.},
 booktitle = {Proceedings of the Advances in Neural Information Processing Systems (NIPS)},
 editor = {Ghahramani, Z. and Welling, M. and Cortes, C. and Lawrence, N. and Weinberger, K.Q.},
 title = {Sequence to Sequence Learning with Neural Networks},
 year = {2014}
}


@inproceedings{tokens,
  title={Tokenization as the initial phase in {NLP}},
  author={Webster, J. J. and Kit, C.},
  booktitle={Proceedings of the International Conference on Computational Linguistics (COLING)},
  year={1992}
}

@article{ngrams,
title = {Syntactic {N-grams} as machine learning features for {Natural Language Processing}},
journal = {Expert Systems with Applications},
volume = {41},
number = {3},
pages = {853-860},
year = {2014},
author = {Sidorov, G. and Velasquez, F. and Stamatatos, E. and Gelbukh, A. and Chanona-Hernández, L.}
}

@article{sa_example_1,
  title={Online sentiment analysis in marketing research: a review},
  author={Rambocas, M. and Pacheco, B. G.},
  journal={Journal of Research in Interactive Marketing},
  year={2018},
  publisher={Emerald Publishing Limited}
}

@techreport{sa_example_2,
  title={Marketing research: The role of sentiment analysis},
  author={Rambocas, Meena and Gama, Jo{\~a}o and others},
  year={2013},
  institution={Universidade do Porto, Faculdade de Economia do Porto}
}

@article{sa_example_3,
  title={Analyzing user sentiment in social media: Implications for online marketing strategy},
  author={Micu, A. and Micu, A. E. and Geru, M. and Lixandroiu, R. C.},
  journal={Psychology \& Marketing},
  volume={34},
  number={12},
  pages={1094--1100},
  year={2017},
  publisher={Wiley Online Library}
}

@INPROCEEDINGS{sa_example_4,
  author={Ramteke, J. and Shah, S. and Godhia, D. and Shaikh, A.},
  booktitle={Proceedings of the International Conference on Inventive Computation Technologies (ICICT)}, 
  title={Election result prediction using {Twitter} sentiment analysis},
  year={2016}
}

@INPROCEEDINGS{sa_example_5,
  author={Kaya, M. and Fidan, G. and Toroslu, I. H.},
  booktitle={Proceedings of the IEEE/WIC/ACM International Conferences on Web Intelligence and Intelligent Agent Technology},
  title={Sentiment Analysis of {Turkish} Political News}, 
  year={2012}
}

  @article{sa_applications,
title = {Sentiment Analysis in Social Media and Its Application: Systematic Literature Review},
journal = {Procedia Computer Science},
volume = {161},
pages = {707-714},
year = {2019},
author = {Drus, z. and Khalid, H.}
}

@article{Cho2014,
  title={On the properties of neural machine translation: {Encoder-Decoder} approaches},
  author={Cho, K. and Van Merri{\"e}nboer, B. and Bahdanau, D. and Bengio, Y.},
  journal={arXiv},
  volume={arXiv:1409.1259},
  year={2014}
}

@article{t5,
  title={Exploring the limits of transfer learning with a unified text-to-text transformer},
  author={Raffel, C. and Shazeer, N. and Roberts, A. and Lee, K. and Narang, S. and Matena, M. and Zhou, Y. and Li, W. and Liu, P. J.},
  journal={The Journal of Machine Learning Research},
  volume={21},
  number={1},
  pages={5485--5551},
  year={2020}
}

@inproceedings{pegasus,
  title={{PEGASUS}: Pre-training with Extracted Gap-sentences for Abstractive Summarization}, 
  author={Zhang, J. and Zhao, Y. and Saleh, M. and Liu, P.},
  booktitle={Proceedings of the International Conference on Machine Learning (ICML)},
  year={2020},
  organization={PMLR}
}

@article{scao2022bloom,
  title={{BLOOM: A 176B}-parameter open-access multilingual language model},
  author={Scao, T. L. and Fan, A. and Akiki, C. and Pavlick, E. and Ili{\'c}, S. and Hesslow, D. and Castagn{\'e}, R. and Luccioni, A. S. and Yvon, F. and Gall{\'e}, M. et al.},
  journal={arXiv preprint arXiv:2211.05100},
  year={2022}
}

@article{zhang2022opt,
  title={{OPT}: Open pre-trained transformer language models},
  author={Zhang, S. and Roller, S. and Goyal, N. and Artetxe, M. and Chen, M. and Chen, S. and Dewan, C. and Diab, M. and Li, X. and Lin, X. V. et al.},
  journal={arXiv preprint arXiv:2205.01068},
  year={2022}
}

@article{chowdhery2022palm,
  title={{PaLM}: Scaling language modeling with pathways},
  author={Chowdhery, A. and Narang, S. and Devlin, J. and Bosma, M. and Mishra, G. and Roberts, A. and Barham, P. and Chung, H. W. and Sutton, C. and Gehrmann, S. et al.},
  journal={arXiv preprint arXiv:2204.02311},
  year={2022}
}

@article{hoffmann2022empirical,
  title={An empirical analysis of compute-optimal large language model training},
  author={Hoffmann, J. and Borgeaud, S. and Mensch, A. and Buchatskaya, E. and Cai, T. and Rutherford, E. and de Las Casas, D. and Hendricks, L. A. and Welbl, J. and Clark, A. et al.},
  journal={Proceedings of the Advances in Neural Information Processing Systems (NIPS)},
  year={2022}
}

@article{Touvron2023llama,
  title={{LLaMA}: Open and efficient foundation language models},
  author={Touvron, H. and Lavril, T. and Izacard, G. and Martinet, X. and Lachaux, M.-A. and Lacroix, T. and Rozi{\`e}re, B. and Goyal, N. and Hambro, E. and Azhar, F. et al.},
  journal={arXiv preprint arXiv:2302.13971},
  year={2023}
}

@inproceedings{victor2022multitask,
  title={Multitask prompted training enables zero-shot task generalization},
  author={Victor, S. and Albert, W. and Colin, R. and Stephen, B. and Lintang, S. and Zaid, A. and Antoine, C. and Arnaud, S. and Arun, R. and Manan, D. et al.},
  booktitle={Proceedings of the International Conference on Learning Representations (ICLR)},
  year={2022}
}

@article{chung2022scaling,
  title={Scaling instruction-finetuned language models},
  author={Chung, H. W. and Hou, L. and Longpre, S. and Zoph, B. and Tay, Y. and Fedus, W. and Li, E. and Wang, X. and Dehghani, M. and Brahma, S. et al.},
  journal={arXiv preprint arXiv:2210.11416},
  year={2022}
}

@article{ouyang2022training,
  title={Training language models to follow instructions with human feedback},
  author={Ouyang, L. and Wu, J. and Jiang, X. and Almeida, D. and Wainwright, C. and Mishkin, P. and Zhang, C. and Agarwal, S. and Slama, K. and Ray, A. et al.},
  journal={Proceedings of the Advances in Neural Information Processing Systems (NIPS)},
  year={2022}
}

@article{iyer2022opt,
  title={{OPT-IML}: Scaling language model instruction meta learning through the lens of generalization},
  author={Iyer, S. and Lin, X. V. and Pasunuru, R. and Mihaylov, T. and Simig, D. and Yu, P. and Shuster, K. and Wang, T. and Liu, Q. and Koura, P. S. et al.},
  journal={arXiv preprint arXiv:2212.12017},
  year={2022}
}

@article{muennighoff2022crosslingual,
  title={Cross-lingual generalization through multitask finetuning},
  author={Muennighoff, N. and Wang, T. and Sutawika, L. and Roberts, A. and Biderman, S. and Scao, T. L. and Bari, M. S. and Shen, S. and Yong, Z.-X. and Schoelkopf, H. et al.},
  journal={arXiv preprint arXiv:2211.01786},
  year={2022}
}

@article{goyal2022news,
  title={News summarization and evaluation in the era of {GPT}-3},
  author={Goyal, T. and Li, J. J. and Durrett, G.},
  journal={arXiv preprint arXiv:2209.12356},
  year={2022}
}

@article{vishnubhotla2022project,
  title={{The Project Dialogism Novel Corpus: A dataset for quotation attribution in literary texts}},
  author={Vishnubhotla, K. and Hammond, A. and Hirst, G.},
  journal={arXiv preprint arXiv:2204.05836},
  year={2022}
}

@inproceedings{tay2022ul2,
  title={{UL2}: Unifying language learning paradigms},
  author={Tay, Y. and Dehghani, M. and Tran, V. Q. and Garcia, X. and Wei, J. and Wang, X. and Chung, H. W. and Bahri, D. and Schuster, T. and Zheng, S. et al.},
  booktitle={Proceedings of the International Conference on Learning Representations (ICLR)},
  year={2022}
}

@inproceedings{Guo22LongT5,
    title = "{L}ong{T}5: {E}fficient Text-To-Text Transformer for Long Sequences",
    author = "Guo, M. and Ainslie, J. and Uthus, D. and Ontanon, S. and Ni, J. and Sung, Y.-H. and Yang, Y.",
    booktitle = "Proceedings of the Annual Conference of the North American Chapter of the Association for Computational Linguistics (NAAC)",
    year = "2022"
}